
@book{Knuth,
  author = {Donald Ervin Knuth},
  title = {The \TeX{}book},
  publisher = {Addison Wesley},
  address = {Reading, MA},
  year = 1984,
  isbn = {0-201-13448-9},
}

@book{Lamport,
  author = {Leslie Lamport},
  title = {\LaTeX: A Document Preparation System: User's Guide and
                  Reference Manual},
  publisher = {Addison-Wesley},
  address = {Reading, MA},
  year = 1994,
  keywords = {latex programming software},
  issn = {0201529831 9780201529838},
}

@book{Strunk-and-White,
  author = {William Jr. Strunk and E.B. White},
  title = {Elements of Style,  4th edition},
  publisher = {\url{http://www.bartleby.com/141/}},
  year = 1999,
  isbn = {978-0205309023},
  address ={USA},
}


@article{LP-KNUTH-old,
author={Donald Knuth},
title={Literate {P}rogramming},
journal={The Computer Journal},
number={2},
pages={97--111},
volume={27},
year={1984},
}

@book{LP-KNUTH,
  author ={Donald Ervin Knuth},
  title={Literate {P}rogramming},
  url = {http://www-cs-faculty.stanford.edu/~knuth/lp.html},
  year = {1992},
  isbn = {0-9370-7380-6},
  publisher = {Center for the Study of Language and Information},
  address = {Stanford, CA},
}

@InCollection{errors-tex,
  author ={Donald Ervin Knuth},
  title = {The Errors of {\TeX}},
  booktitle = {Literate Programming},
  year = {1992},
  isbn = {0-9370-7380-6},
  publisher = {CSLI Publications},
  address = {Stanford, CA},
  pages ={243--291},
}


@Book{WikiBooks,
  author = 	 {Editors WikiBooks},
  title = 	 {\LaTeX},
  publisher = 	 {\url{http://en.wikibooks.org/wiki/LaTeX/}},
  year = 	 {201x},
  address ={USA},
}

