@MastersThesis{Aiyappan,
author = {Aiyyappan, P. Guide:Dr.Prabhakar Mateti},
title = {Android forensic support framework},
school = {Amrita
Vishwa Vidyapeetham,Ettimadai},
year = {2015},
}
