
@inproceedings{zhao2012,
  title={A Double-Edged Sword: Implications of Crowdsourcing for the Future of Web Security},
  author={Zhao, Ben and Znati, Taieb},
  booktitle={2012 IEEE 31st International Performance Computing and Communications Conference (IPCCC)},
  pages={1--2},
  year={2012},
  organization={IEEE}, note = {\url{https://www.cs.ucsb.edu/~ravenben/research/ipccc-keynote12.pdf}},
}

@inproceedings{lin2012,
  title={Expectation and Purpose: Understanding Users' Mental Models
                  of Mobile App Privacy through Crowdsourcing},
  author={Lin, Jialiu and Amini, Shahriyar and Hong, Jason I and Sadeh, Norman and Lindqvist, Janne and Zhang, Joy},
  booktitle={Proceedings of the 2012 ACM Conference on Ubiquitous Computing},
  pages={501--510},
  year={2012},
  organization={ACM}
}

@book{brabham2013,
  title={Crowdsourcing},
  author={Brabham, Daren C},
  year={2013},
  publisher={MIT Press},
  notes = {ISBN-13: 978-0262518475 },
}

@article{yang2015,
  title={Security and Privacy in Mobile Crowdsourcing Networks: Challenges and Opportunities},
  author={Yang, Kan and Zhang, Kuan and Ren, Ju and Shen, Xuemin},
  journal={IEEE Communications Magazine},
  volume={53},
  number={8},
  pages={75--81},
  year={2015},
  publisher={IEEE}
}

@article{cox2011,
  title={Truth in Crowdsourcing},
  author={Cox, Landon P},
  journal={IEEE Security \& Privacy},
  volume={9},
  number={5},
  pages={74--76},
  year={2011},
  publisher={IEEE}
}

@misc{mital2015,
  title={Quantitative Security Improvement System Based on Crowdsourcing},
  author={Mital, Amit and Nachenberg, Carey S and Efstathopoulos, Petros},
  year={2015},
  month=apr # "~17",
  publisher={Google Patents},
  note={US Patent App. 14/690,340}
}


@article{tentilucci2015,
  title={Crowdsourcing Computer Security Attack Trees},
  author={Tentilucci, Matthew and Roberts, Nick and Kandari, Shreshth and Johnson, Daryl and Stackpole, Bill and Markowsky, George},
  year={2015}
}

@inproceedings{xiong2016sensus,
  title={Sensus: a cross-platform, general-purpose system for mobile crowdsensing in human-subject studies},
  author={Xiong, Haoyi and Huang, Yu and Barnes, Laura E and Gerber, Matthew S},
  booktitle={Proceedings of the 2016 ACM International Joint Conference on Pervasive and Ubiquitous Computing},
  pages={415--426},
  year={2016},
  organization={ACM}
}


@article{o2016survalytics,
  title={Survalytics: An Open-Source Cloud-Integrated Experience Sampling, Survey, and Analytics and Metadata Collection Module for Android Operating System Apps},
  author={O'Reilly-Shah, Vikas and Mackey, Sean},
  journal={JMIR mHealth and uHealth},
  volume={4},
  number={2},
  pages={e46},
  year={2016},
  publisher={JMIR Publications Inc., Toronto, Canada}, note = {\url{http://mhealth.jmir.org/article/viewFile/mhealth_v4i2e46/2}},
}
