@misc{wiki:Filesystem_in_Userspace,
   author = "Wikipedia",
   title = "{Filesystem in Userspace} --- {W}ikipedia{,} The Free Encyclopedia",
   year = "2016",
   howpublished = {\url{http://en.wikipedia.org/w/index.php?title=Filesystem%20in%20Userspace&oldid=748163155}},
   
 }

@misc{Writing_a_FUSE_Filesystem,
author = {Joseph J. Pfeiffer},
title = {Writing a FUSE Filesystem: a Tutorial},
howpublished = {\url{http://www.cs.nmsu.edu/~pfeiffer/fuse-tutorial/}},
month = {03},
year = {2016},

}
