%% This BibTeX bibliography file was created using BibDesk.
%% http://bibdesk.sourceforge.net/

%% Saved with string encoding Unicode (UTF-8) 


@article{amani_murray_2015, title={Specifying a Realistic File System}, volume={196}, DOI={10.4204/eptcs.196.1}, journal={Electron. Proc. Theor. Comput. Sci. Electronic Proceedings in Theoretical Computer Science EPTCS}, author={Amani, Sidney and Murray, Toby}, year={2015}, month={Aug}, pages={1–9}} 

@article{yang_shi_sun_zheng_alves-foss_2016, title={A Fast Boot, Fast Shutdown Technique for Android OS Devices}, volume={49}, DOI={10.1109/mc.2016.210}, number={7}, journal={Computer}, author={Yang, Xia and Shi, Peng and Sun, Haiyong and Zheng, Wenxuan and Alves-Foss, Jim}, year={2016}, pages={62–68}} 


@article{graziano_flore_lanzi_balzarotti_2016, title={Subverting Operating System Properties Through Evolutionary DKOM Attacks}, DOI={10.1007/978-3-319-40667-1_1}, journal={Detection of Intrusions and Malware, and Vulnerability Assessment Lecture Notes in Computer Science}, author={Graziano, Mariano and Flore, Lorenzo and Lanzi, Andrea and Balzarotti, Davide}, year={2016}, pages={3–24}}


@article{hanif_lengyel_webster_2015, title={Internet-Scale File Analysis }, journal={Black Hat Usa}, author={Hanif, Zack and Lengyel, Tamas K and Webster, George D}, year={2015}}


@article{rudd_rozsa_günther_boult_2016, title={A Survey of Stealth Malware Attacks, Mitigation Measures, and Steps Toward Autonomous Open World Solutions}, journal={IEEE COMMUNICATION SURVEYS & TUTORIALS}, author={Rudd, Ethan M and Rozsa, Andras and Günther, Manuel and Boult, Terrance . E}, year={2016}, month={Mar}}


@article{mahajan_dahiya_sanghvi_2013, title={Forensic Analysis of Instant Messenger Applications on Android Devices}, volume={68}, DOI={10.5120/11602-6965}, number={8}, journal={International Journal of Computer Applications}, author={Mahajan, Aditya and Dahiya, M. S. and Sanghvi, H. P.}, year={2013}, pages={38–44}} 


@article{karpisek_baggili_breitinger_2015, title={WhatsApp network forensics: Decrypting and understanding the WhatsApp call signaling messages}, volume={15}, DOI={10.1016/j.diin.2015.09.002}, journal={Digital Investigation}, author={Karpisek, F. and Baggili, I. and Breitinger, F.}, year={2015}, pages={110–118}} 

@phdthesis{thakur_2013, title={Forensic Analysis of whatsapp on Android Smartphone}, author={Thakur, Neha}, year={2013}}

@article{anglano_2014, title={Forensic analysis of WhatsApp Messenger on Android smartphones}, volume={11}, DOI={10.1016/j.diin.2014.04.003}, number={3}, journal={Digital Investigation}, author={Anglano, Cosimo}, year={2014}, pages={201–213}} 



@article{grover_2013, title={Android forensics: Automated data collection and reporting from a mobile device}, volume={10}, DOI={10.1016/j.diin.2013.06.002}, journal={Digital Investigation}, author={Grover, Justin}, year={2013}} 

@article{Muller:2013:FFR:2524523.2524555,
 author = {M\"{u}ller, Tilo and Spreitzenbarth, Michael},
 title = {FROST: Forensic Recovery of Scrambled Telephones},
 booktitle = {Proceedings of the 11th International Conference on Applied Cryptography and Network Security},
 series = {ACNS'13},
 year = {2013},
 isbn = {978-3-642-38979-5},
 location = {Banff, AB, Canada},
 pages = {373--388},
 numpages = {16},
 url = {http://dx.doi.org/10.1007/978-3-642-38980-1_23},
 doi = {10.1007/978-3-642-38980-1_23},
 acmid = {2524555},
 publisher = {Springer-Verlag},
 address = {Berlin, Heidelberg},
} 


 @article{mylonas_meletiadis_tsoumas_mitrou_gritzalis_2012, title={Smartphone Forensics: A Proactive Investigation Scheme for Evidence Acquisition}, DOI={10.1007/978-3-642-30436-1_21}, journal={IFIP Advances in Information and Communication Technology Information Security and Privacy Research}, author={Mylonas, Alexios and Meletiadis, Vasilis and Tsoumas, Bill and Mitrou, Lilian and Gritzalis, Dimitris}, year={2012}, pages={249–260}} 

@article{akarawita_perera_atukorale_2015, title={ANDROPHSY - forensic framework for Android}, DOI={10.1109/icter.2015.7377696}, journal={2015 Fifteenth International Conference on Advances in ICT for Emerging Regions (ICTer)}, author={Akarawita, Indeewari U. and Perera, Amila B. and Atukorale, Ajantha}, year={2015}}


@MastersThesis{thakur_2013, title={Forensic Analysis of whatsapp on Android Smartphone}, author={Thakur, Neha}, year={2013}}

@MastersThesis{aiyyappan_2015, title={Android forensic support framework}, author={Aiyyappan and Prabhakar}, year={2015}}

@MastersThesis{karthik_2016, title={Proactive Forensic Support for Android Devices}, author={Karthik and Prabhakar}, year={2016}}

@misc{wikipedia, title={Filesystem in Userspace}, url={https://en.wikipedia.org/wiki/Filesystem_in_Userspace}, journal={Wikipedia}, publisher={Wikimedia Foundation}}

@misc{architecture,title={Android Tutorial}, url={https://www.tutorialspoint.com/android/}, journal={www.tutorialspoint.com}, author={tutorialspoint.com}}



@misc{fuse, title={File Systems and FUSE}, url={https://www.cs.cmu.edu/~fp/courses/15213-s07/lectures/15-filesys/}, journal={File Systems and FUSE}}

@misc{2016, title={matteoserva/MegaFuse}, url={https://github.com/matteoserva/MegaFuse}, journal={GitHub}, author={Matteoserva}, year={2016}, month={May}}











